<?xml version="1.0" encoding="UTF-8" ?>
<collection xmlns:xsi="http://www.w3.org/2001/XMLSchema-instance"
    xsi:schemaLocation="http://www.loc.gov/MARC21/slim
        http://www.loc.gov/standards/marcxml/schema/MARC21slim.xsd"
    xmlns="http://www.loc.gov/MARC21/slim">
<record>
  <leader>00257cam a2200493 i 4500</leader>
  <controlfield tag="001">b12481348</controlfield>
  <controlfield tag="003">LeBAU</controlfield>
  <controlfield tag="005">20200129</controlfield>
  <controlfield tag="008">970610s1934    ua            ||0 0 ara d</controlfield>
  <datafield tag="035" ind1=" " ind2=" ">
    <subfield code="a">ocn784339502</subfield>
  </datafield>
  <datafield tag="040" ind1=" " ind2=" ">
    <subfield code="a">LEAUB</subfield>
    <subfield code="b">ara</subfield>
    <subfield code="e">rda</subfield>
    <subfield code="c">LEAUB</subfield>
    <subfield code="d">LEAUB</subfield>
  </datafield>
  <datafield tag="082" ind1="0" ind2="4">
    <subfield code="a">492.75</subfield>
    <subfield code="2">23</subfield>
  </datafield>
  <datafield tag="100" ind1="1" ind2=" ">
    <subfield code="6">880-01</subfield>
    <subfield code="a">Sujāʻī, Aḥmad ibn Aḥmad,</subfield>
    <subfield code="d">-1783?.</subfield>
    <subfield code="e">author.</subfield>
    <subfield code="0">https://lccn.loc.gov/nr89005826 ,</subfield>
  </datafield>
  <datafield tag="245" ind1="1" ind2="0">
    <subfield code="6">880-02</subfield>
    <subfield code="a">Ḥāshīyat al-Sujāʻī ʻalá sharḥ al-Qaṭr :</subfield>
    <subfield code="b">wa-hiya ḥāshīyah lil-ʻAllāmah al-Sujāʻī ʻalá sharḥ al-Qaṭr lil-ʻAllāmah ibn Hishām.</subfield>
  </datafield>
  <datafield tag="264" ind1=" " ind2="1">
    <subfield code="6">880-03</subfield>
    <subfield code="a">Miṣr :</subfield>
    <subfield code="b">Maṭbaʻat Muṣṭafá Muḥammad,</subfield>
    <subfield code="c">1353 H. = 1934 M.</subfield>
  </datafield>
  <datafield tag="300" ind1=" " ind2=" ">
    <subfield code="6">880-04</subfield>
    <subfield code="a">155 pages ;</subfield>
    <subfield code="c">28 cm</subfield>
  </datafield>
  <datafield tag="336" ind1=" " ind2=" ">
    <subfield code="a">text</subfield>
    <subfield code="b">txt</subfield>
    <subfield code="2">rdacontent</subfield>
  </datafield>
  <datafield tag="337" ind1=" " ind2=" ">
    <subfield code="a">unmediated</subfield>
    <subfield code="b">n</subfield>
    <subfield code="2">rdamedia</subfield>
  </datafield>
  <datafield tag="338" ind1=" " ind2=" ">
    <subfield code="a">volume</subfield>
    <subfield code="b">nc</subfield>
    <subfield code="2">rdacarrier</subfield>
  </datafield>
  <datafield tag="500" ind1=" " ind2=" ">
    <subfield code="a">"قد وضعنا الشرح بأعلى الصفحة والحاشية تحته وفي أسفل الصفحة تقريرات الشيخ محمد الأنبابي مفصول بين كل بجدول."</subfield>
  </datafield>
  <datafield tag="500" ind1=" " ind2=" ">
    <subfield code="a">"مطبعة مصطفى محمد صاحب المكتبة التجارية الكبرى بمصر."</subfield>
  </datafield>
  <datafield tag="600" ind1="1" ind2="4">
    <subfield code="a">ابن هشام، عبد الله بن يوسف،</subfield>
    <subfield code="d">1309-1360.</subfield>
    <subfield code="t">قطر الندى وبل الصدى.</subfield>
  </datafield>
  <datafield tag="600" ind1="1" ind2="4">
    <subfield code="a">ابن هشام، عبد الله بن يوسف،</subfield>
    <subfield code="d">1309-1360.</subfield>
    <subfield code="t">شرح قطر الندى وبل الصدى.</subfield>
  </datafield>
  <datafield tag="600" ind1="1" ind2="0">
    <subfield code="a">Ibn Hishām, ʻAbd Allāh ibn Yūsuf,</subfield>
    <subfield code="d">1309-1360.</subfield>
    <subfield code="t">Qaṭr al-nadá wa-ball al-ṣadá.</subfield>
  </datafield>
  <datafield tag="600" ind1="1" ind2="0">
    <subfield code="a">Ibn Hishām, ʻAbd Allāh ibn Yūsuf,</subfield>
    <subfield code="d">1309-1360.</subfield>
    <subfield code="t">Sharḥ Qaṭr al-nadá wa-ball al-ṣadá.</subfield>
  </datafield>
  <datafield tag="650" ind1=" " ind2="4">
    <subfield code="a">اللغة العربية</subfield>
    <subfield code="x">قواعد.</subfield>
  </datafield>
  <datafield tag="650" ind1=" " ind2="0">
    <subfield code="a">Arabic language</subfield>
    <subfield code="x">Grammar.</subfield>
  </datafield>
  <datafield tag="700" ind1="1" ind2="2">
    <subfield code="6">880-05</subfield>
    <subfield code="a">Ibn Hishām, ʻAbd Allāh ibn Yūsuf,</subfield>
    <subfield code="d">1309-1360.</subfield>
    <subfield code="t">Qaṭr al-nadá wa-ball al-ṣadá.</subfield>
    <subfield code="0">https://lccn.loc.gov/no2019145255</subfield>
  </datafield>
  <datafield tag="700" ind1="1" ind2="2">
    <subfield code="6">880-06</subfield>
    <subfield code="a">Ibn Hishām, ʻAbd Allāh ibn Yūsuf,</subfield>
    <subfield code="d">1309-1360.</subfield>
    <subfield code="t">Sharḥ Qaṭr al-nadá wa-ball al-ṣadá.</subfield>
    <subfield code="0">https://lccn.loc.gov/n88242896</subfield>
  </datafield>
  <datafield tag="700" ind1="1" ind2="2">
    <subfield code="6">880-07</subfield>
    <subfield code="a">Anbābī, Muḥammad ibn Muḥammad,</subfield>
    <subfield code="d">1824 or 1825-1895 or 1896.</subfield>
    <subfield code="t">Taqrīrāt.</subfield>
  </datafield>
  <datafield tag="775" ind1="0" ind2="8">
    <subfield code="6">880-08</subfield>
    <subfield code="i">has designation of edition</subfield>
    <subfield code="4">http://rdaregistry.info/Elements/m/P30133 :</subfield>
    <subfield code="a">Sujāʻī, Aḥmad ibn Aḥmad, -1783?</subfield>
    <subfield code="t">Ḥāshīyat al-Sujāʻī ʻalá sharḥ al-Qaṭr.</subfield>
    <subfield code="d">Miṣr : al-Maṭbaʻah al-Bahīyah, 1299 H., [1881? M.]</subfield>
    <subfield code="w">(OCoLC)784510143</subfield>
    <subfield code="w">(OCoLC)784510143</subfield>
  </datafield>
  <datafield tag="852" ind1=" " ind2=" ">
    <subfield code="a">Jafet Library</subfield>
    <subfield code="e">American University of Beirut, Bliss Street , Beirut, Lebanon.</subfield>
  </datafield>
  <datafield tag="880" ind1="1" ind2=" ">
    <subfield code="6">100-01/(3/r</subfield>
    <subfield code="a">السجاعي، احمد بن احمد،</subfield>
    <subfield code="d">-1783؟</subfield>
    <subfield code="0">https://lccn.loc.gov/nr89005826 ,</subfield>
    <subfield code="e">مؤلف. </subfield>
    <subfield code="4">aut.</subfield>
  </datafield>
  <datafield tag="880" ind1="1" ind2="0">
    <subfield code="6">245-02/(3/r</subfield>
    <subfield code="a">حاشية السجاعي على شرح القطر :</subfield>
    <subfield code="b">وهي حاشية للعلامة السجاعي على شرح القطر للعلامة ابن هشام.</subfield>
  </datafield>
  <datafield tag="880" ind1=" " ind2="1">
    <subfield code="6">264-03/(3/r</subfield>
    <subfield code="a">مصر :</subfield>
    <subfield code="b">مطبعة مصطفى محمد،</subfield>
    <subfield code="c">1353 هـ. = 1934 م.</subfield>
  </datafield>
  <datafield tag="880" ind1=" " ind2=" ">
    <subfield code="6">300-04/(3/r</subfield>
    <subfield code="a">155 صفحة ؛</subfield>
    <subfield code="c">28 سم</subfield>
  </datafield>
  <datafield tag="880" ind1="1" ind2="2">
    <subfield code="6">700-05/(3/r</subfield>
    <subfield code="a">إبن هشام، عبد الله بن يوسف،</subfield>
    <subfield code="d">1309-1360.</subfield>
    <subfield code="t">قطر الندى وبل الصدى.</subfield>
    <subfield code="0">https://lccn.loc.gov/no2019145255</subfield>
  </datafield>
  <datafield tag="880" ind1="1" ind2="2">
    <subfield code="6">700-06/(3/r</subfield>
    <subfield code="a">إبن هشام، عبد الله بن يوسف،</subfield>
    <subfield code="d">1309-1360.</subfield>
    <subfield code="t">شرح قطر الندى وبل الصدى.</subfield>
    <subfield code="0">https://lccn.loc.gov/n88242896</subfield>
  </datafield>
  <datafield tag="880" ind1="1" ind2="2">
    <subfield code="6">700-07/(3/r</subfield>
    <subfield code="a">الأنبابي، محمد بن محمد،</subfield>
    <subfield code="d">1824 او 1825-1895 او 1896.</subfield>
    <subfield code="t">تقريرات.</subfield>
  </datafield>
  <datafield tag="880" ind1="0" ind2="8">
    <subfield code="6">775-08/(3/r</subfield>
    <subfield code="i">دلالة على الطبعة</subfield>
    <subfield code="4">http://rdaregistry.info/Elements/m/P30133 :</subfield>
    <subfield code="a">السجاعي، احمد بن احمد، -1783؟</subfield>
    <subfield code="t">حاشية العلامة السجاعي على شرح القطر.</subfield>
    <subfield code="d">مصر : المطبعة البهية، 1299 هـ.، [1881؟ م.]</subfield>
    <subfield code="w">(LEAUB)b12773827</subfield>
    <subfield code="w">(OCoLC)784510143</subfield>
  </datafield>
  <datafield tag="907" ind1=" " ind2=" ">
    <subfield code="a">.b12481348</subfield>
    <subfield code="b">20-02-10</subfield>
    <subfield code="c">11-05-24</subfield>
  </datafield>
  <datafield tag="907" ind1=" " ind2=" ">
    <subfield code="a">.b12481348</subfield>
    <subfield code="b">11-10-11</subfield>
    <subfield code="c">11-05-24</subfield>
  </datafield>
  <datafield tag="945" ind1=" " ind2=" ">
    <subfield code="f">J</subfield>
    <subfield code="a">492.75:S948hA</subfield>
    <subfield code="i">00511277</subfield>
    <subfield code="j">.i1296833x</subfield>
    <subfield code="l">u0503</subfield>
  </datafield>
  <datafield tag="998" ind1=" " ind2=" ">
    <subfield code="a">u05</subfield>
    <subfield code="b">97-06-10</subfield>
    <subfield code="c">m</subfield>
    <subfield code="d">a  </subfield>
    <subfield code="e">-</subfield>
    <subfield code="f">ara</subfield>
    <subfield code="g">ua </subfield>
    <subfield code="h">0</subfield>
    <subfield code="i">1</subfield>
  </datafield>
</record>
</collection>
